@article{fc88,
	author={R. T. Frankot and R. Chellappa},
	journal={IEEE Transactions on Pattern Analysis and Machine Intelligence},
	title={A method for enforcing integrability in shape from shading algorithms},
	year={1988},
	volume={10},
	number={4},
	pages={439-451},
	keywords={computerised pattern recognition;computerised picture processing;convergence;integrability;orthogonal projection;shape from shading;surface reconstructions;surface slopes;vector subspace spanning;Aerospace engineering;Frequency domain analysis;Geometry;Image processing;Image reconstruction;Iterative algorithms;Radar imaging;Shape;Signal processing;Surface reconstruction},
	doi={10.1109/34.3909},
	ISSN={0162-8828},
	month={Jul},
}

@misc{k04,
	author={Peter Kovesi},
	title={FRANKOTCHELLAPPA},
	url={http://www.peterkovesi.com/matlabfns/Shapelet/frankotchellappa.m},
	note={Abgerufen: 2017-09-22},
	year={2004}
}

@phdthesis{Ber13,
	url = {http://www.theses.fr/2013GRENY010},
	title = {Métrologie en ligne de faisceaux et d'optiques X de synchrotrons},
	author = {B\'erujon, S\'ebastien},
	year = {2013},
	note = {Thèse de doctorat dirigée par Ziegler, Eric et Sawhney, Kawal Physique Grenoble 2013},
	note = {2013GRENY010},
	url = {http://www.theses.fr/2013GRENY010/document},
}

@article{Ber12,
	title = {Two-Dimensional X-Ray Beam Phase Sensing},
	author = {B\'erujon, S\'ebastien and Ziegler, Eric and Cerbino, Roberto and Peverini, Luca},
	journal = {Phys. Rev. Lett.},
	volume = {108},
	issue = {15},
	pages = {158102},
	numpages = {5},
	year = {2012},
	month = {Apr},
	publisher = {American Physical Society},
	doi = {10.1103/PhysRevLett.108.158102},
	url = {https://link.aps.org/doi/10.1103/PhysRevLett.108.158102}
}

@article {Ber15,
	author = {B\'erujon, S\'ebastien and Ziegler, Eric and Cloetens, Peter},
	title = {X-ray pulse wavefront metrology using speckle tracking},
	journal = {Journal of Synchrotron Radiation},
	volume = {22},
	number = {4},
	publisher = {International Union of Crystallography},
	issn = {1600-5775},
	url = {http://dx.doi.org/10.1107/S1600577515005433},
	doi = {10.1107/S1600577515005433},
	pages = {886--894},
	keywords = {metrology, phase sensing, wavefront, speckle},
	year = {2015},
}
